@article{Attwell2002,
  title={The neural basis of functional brain imaging signals},
  author={Attwell, David and Iadecola, Costantino},
  journal={Trends in neurosciences},
  volume={25},
  number={12},
  pages={621--625},
  year={2002},
  publisher={Elsevier}
}
