@article{Kalanit1998, title={A sequence of object-processing stages revealed by fMRI in the human occipital lobe}, volume={6}, ISSN={1065-9471}, url={http://dx.doi.org/10.1002/(SICI)1097-0193(1998)6:4<316::AID-HBM9>3.0.CO;2-6}, DOI={10.1002/(sici)1097-0193(1998)6:4<316::aid-hbm9>3.0.co;2-6}, number={4}, journal={Human Brain Mapping}, publisher={Wiley}, author={Grill-Spector, Kalanit and Kushnir, Tammar and Hendler, Talma and Edelman, Shimon and Itzchak, Yacov and Malach, Rafael}, year={1998}, pages={316â€“328} }